[gd_scene load_steps=321 format=2]

[ext_resource path="res://Scripts/Enemies/Area2D.gd" type="Script" id=1]
[ext_resource path="res://Scripts/Enemies/Demon.gd" type="Script" id=2]
[ext_resource path="res://Scripts/Enemies/CollisionShape2D.gd" type="Script" id=3]
[ext_resource path="res://Assets/Enemies/Demon/Demon_Melee_All_Animations.png" type="Texture" id=4]

[sub_resource type="RectangleShape2D" id=1]
extents = Vector2( 14.6068, 14.3528 )

[sub_resource type="AtlasTexture" id=2]
flags = 4
atlas = ExtResource( 4 )
region = Rect2( 0, 1280, 256, 256 )

[sub_resource type="AtlasTexture" id=3]
flags = 4
atlas = ExtResource( 4 )
region = Rect2( 256, 1280, 256, 256 )

[sub_resource type="AtlasTexture" id=4]
flags = 4
atlas = ExtResource( 4 )
region = Rect2( 512, 1280, 256, 256 )

[sub_resource type="AtlasTexture" id=5]
flags = 4
atlas = ExtResource( 4 )
region = Rect2( 768, 1280, 256, 256 )

[sub_resource type="AtlasTexture" id=6]
flags = 4
atlas = ExtResource( 4 )
region = Rect2( 1024, 1280, 256, 256 )

[sub_resource type="AtlasTexture" id=7]
flags = 4
atlas = ExtResource( 4 )
region = Rect2( 1280, 1280, 256, 256 )

[sub_resource type="AtlasTexture" id=8]
flags = 4
atlas = ExtResource( 4 )
region = Rect2( 1536, 1280, 256, 256 )

[sub_resource type="AtlasTexture" id=9]
flags = 4
atlas = ExtResource( 4 )
region = Rect2( 1792, 1280, 256, 256 )

[sub_resource type="AtlasTexture" id=10]
flags = 4
atlas = ExtResource( 4 )
region = Rect2( 2048, 1280, 256, 256 )

[sub_resource type="AtlasTexture" id=11]
flags = 4
atlas = ExtResource( 4 )
region = Rect2( 2304, 1280, 256, 256 )

[sub_resource type="AtlasTexture" id=12]
flags = 4
atlas = ExtResource( 4 )
region = Rect2( 2560, 1280, 256, 256 )

[sub_resource type="AtlasTexture" id=13]
flags = 4
atlas = ExtResource( 4 )
region = Rect2( 2816, 1280, 256, 256 )

[sub_resource type="AtlasTexture" id=14]
flags = 4
atlas = ExtResource( 4 )
region = Rect2( 3072, 1280, 256, 256 )

[sub_resource type="AtlasTexture" id=15]
flags = 4
atlas = ExtResource( 4 )
region = Rect2( 3328, 1280, 256, 256 )

[sub_resource type="AtlasTexture" id=16]
flags = 4
atlas = ExtResource( 4 )
region = Rect2( 3584, 1280, 256, 256 )

[sub_resource type="AtlasTexture" id=17]
flags = 4
atlas = ExtResource( 4 )
region = Rect2( 3840, 1280, 256, 256 )

[sub_resource type="AtlasTexture" id=18]
flags = 4
atlas = ExtResource( 4 )
region = Rect2( 4096, 1280, 256, 256 )

[sub_resource type="AtlasTexture" id=19]
flags = 4
atlas = ExtResource( 4 )
region = Rect2( 4352, 1280, 256, 256 )

[sub_resource type="AtlasTexture" id=20]
flags = 4
atlas = ExtResource( 4 )
region = Rect2( 4608, 1280, 256, 256 )

[sub_resource type="AtlasTexture" id=21]
flags = 4
atlas = ExtResource( 4 )
region = Rect2( 4864, 1280, 256, 256 )

[sub_resource type="AtlasTexture" id=22]
flags = 4
atlas = ExtResource( 4 )
region = Rect2( 5120, 1280, 256, 256 )

[sub_resource type="AtlasTexture" id=23]
flags = 4
atlas = ExtResource( 4 )
region = Rect2( 5376, 1280, 256, 256 )

[sub_resource type="AtlasTexture" id=24]
flags = 4
atlas = ExtResource( 4 )
region = Rect2( 5632, 1280, 256, 256 )

[sub_resource type="AtlasTexture" id=25]
flags = 4
atlas = ExtResource( 4 )
region = Rect2( 5888, 1280, 256, 256 )

[sub_resource type="AtlasTexture" id=26]
flags = 4
atlas = ExtResource( 4 )
region = Rect2( 0, 4096, 256, 256 )

[sub_resource type="AtlasTexture" id=27]
flags = 4
atlas = ExtResource( 4 )
region = Rect2( 256, 4096, 256, 256 )

[sub_resource type="AtlasTexture" id=28]
flags = 4
atlas = ExtResource( 4 )
region = Rect2( 512, 4096, 256, 256 )

[sub_resource type="AtlasTexture" id=29]
flags = 4
atlas = ExtResource( 4 )
region = Rect2( 768, 4096, 256, 256 )

[sub_resource type="AtlasTexture" id=30]
flags = 4
atlas = ExtResource( 4 )
region = Rect2( 1024, 4096, 256, 256 )

[sub_resource type="AtlasTexture" id=31]
flags = 4
atlas = ExtResource( 4 )
region = Rect2( 1280, 4096, 256, 256 )

[sub_resource type="AtlasTexture" id=32]
flags = 4
atlas = ExtResource( 4 )
region = Rect2( 1536, 4096, 256, 256 )

[sub_resource type="AtlasTexture" id=33]
flags = 4
atlas = ExtResource( 4 )
region = Rect2( 1792, 4096, 256, 256 )

[sub_resource type="AtlasTexture" id=34]
flags = 4
atlas = ExtResource( 4 )
region = Rect2( 2048, 4096, 256, 256 )

[sub_resource type="AtlasTexture" id=35]
flags = 4
atlas = ExtResource( 4 )
region = Rect2( 2304, 4096, 256, 256 )

[sub_resource type="AtlasTexture" id=36]
flags = 4
atlas = ExtResource( 4 )
region = Rect2( 2560, 4096, 256, 256 )

[sub_resource type="AtlasTexture" id=37]
flags = 4
atlas = ExtResource( 4 )
region = Rect2( 2816, 4096, 256, 256 )

[sub_resource type="AtlasTexture" id=38]
flags = 4
atlas = ExtResource( 4 )
region = Rect2( 0, 256, 256, 256 )

[sub_resource type="AtlasTexture" id=39]
flags = 4
atlas = ExtResource( 4 )
region = Rect2( 256, 256, 256, 256 )

[sub_resource type="AtlasTexture" id=40]
flags = 4
atlas = ExtResource( 4 )
region = Rect2( 512, 256, 256, 256 )

[sub_resource type="AtlasTexture" id=41]
flags = 4
atlas = ExtResource( 4 )
region = Rect2( 768, 256, 256, 256 )

[sub_resource type="AtlasTexture" id=42]
flags = 4
atlas = ExtResource( 4 )
region = Rect2( 1024, 256, 256, 256 )

[sub_resource type="AtlasTexture" id=43]
flags = 4
atlas = ExtResource( 4 )
region = Rect2( 1280, 256, 256, 256 )

[sub_resource type="AtlasTexture" id=44]
flags = 4
atlas = ExtResource( 4 )
region = Rect2( 1536, 256, 256, 256 )

[sub_resource type="AtlasTexture" id=45]
flags = 4
atlas = ExtResource( 4 )
region = Rect2( 1792, 256, 256, 256 )

[sub_resource type="AtlasTexture" id=46]
flags = 4
atlas = ExtResource( 4 )
region = Rect2( 2048, 256, 256, 256 )

[sub_resource type="AtlasTexture" id=47]
flags = 4
atlas = ExtResource( 4 )
region = Rect2( 2304, 256, 256, 256 )

[sub_resource type="AtlasTexture" id=48]
flags = 4
atlas = ExtResource( 4 )
region = Rect2( 2560, 256, 256, 256 )

[sub_resource type="AtlasTexture" id=49]
flags = 4
atlas = ExtResource( 4 )
region = Rect2( 2816, 256, 256, 256 )

[sub_resource type="AtlasTexture" id=50]
flags = 4
atlas = ExtResource( 4 )
region = Rect2( 3072, 256, 256, 256 )

[sub_resource type="AtlasTexture" id=51]
flags = 4
atlas = ExtResource( 4 )
region = Rect2( 3328, 256, 256, 256 )

[sub_resource type="AtlasTexture" id=52]
flags = 4
atlas = ExtResource( 4 )
region = Rect2( 3584, 256, 256, 256 )

[sub_resource type="AtlasTexture" id=53]
flags = 4
atlas = ExtResource( 4 )
region = Rect2( 3840, 256, 256, 256 )

[sub_resource type="AtlasTexture" id=54]
flags = 4
atlas = ExtResource( 4 )
region = Rect2( 4096, 256, 256, 256 )

[sub_resource type="AtlasTexture" id=55]
flags = 4
atlas = ExtResource( 4 )
region = Rect2( 4352, 256, 256, 256 )

[sub_resource type="AtlasTexture" id=56]
flags = 4
atlas = ExtResource( 4 )
region = Rect2( 4608, 256, 256, 256 )

[sub_resource type="AtlasTexture" id=57]
flags = 4
atlas = ExtResource( 4 )
region = Rect2( 4864, 256, 256, 256 )

[sub_resource type="AtlasTexture" id=58]
flags = 4
atlas = ExtResource( 4 )
region = Rect2( 5120, 256, 256, 256 )

[sub_resource type="AtlasTexture" id=59]
flags = 4
atlas = ExtResource( 4 )
region = Rect2( 5376, 256, 256, 256 )

[sub_resource type="AtlasTexture" id=60]
flags = 4
atlas = ExtResource( 4 )
region = Rect2( 5632, 256, 256, 256 )

[sub_resource type="AtlasTexture" id=61]
flags = 4
atlas = ExtResource( 4 )
region = Rect2( 5888, 256, 256, 256 )

[sub_resource type="AtlasTexture" id=62]
flags = 4
atlas = ExtResource( 4 )
region = Rect2( 0, 3840, 256, 256 )

[sub_resource type="AtlasTexture" id=63]
flags = 4
atlas = ExtResource( 4 )
region = Rect2( 256, 3840, 256, 256 )

[sub_resource type="AtlasTexture" id=64]
flags = 4
atlas = ExtResource( 4 )
region = Rect2( 512, 3840, 256, 256 )

[sub_resource type="AtlasTexture" id=65]
flags = 4
atlas = ExtResource( 4 )
region = Rect2( 768, 3840, 256, 256 )

[sub_resource type="AtlasTexture" id=66]
flags = 4
atlas = ExtResource( 4 )
region = Rect2( 1024, 3840, 256, 256 )

[sub_resource type="AtlasTexture" id=67]
flags = 4
atlas = ExtResource( 4 )
region = Rect2( 1280, 3840, 256, 256 )

[sub_resource type="AtlasTexture" id=68]
flags = 4
atlas = ExtResource( 4 )
region = Rect2( 1536, 3840, 256, 256 )

[sub_resource type="AtlasTexture" id=69]
flags = 4
atlas = ExtResource( 4 )
region = Rect2( 1792, 3840, 256, 256 )

[sub_resource type="AtlasTexture" id=70]
flags = 4
atlas = ExtResource( 4 )
region = Rect2( 2048, 3840, 256, 256 )

[sub_resource type="AtlasTexture" id=71]
flags = 4
atlas = ExtResource( 4 )
region = Rect2( 2304, 3840, 256, 256 )

[sub_resource type="AtlasTexture" id=72]
flags = 4
atlas = ExtResource( 4 )
region = Rect2( 2560, 3840, 256, 256 )

[sub_resource type="AtlasTexture" id=73]
flags = 4
atlas = ExtResource( 4 )
region = Rect2( 2816, 3840, 256, 256 )

[sub_resource type="AtlasTexture" id=74]
flags = 4
atlas = ExtResource( 4 )
region = Rect2( 0, 0, 256, 256 )

[sub_resource type="AtlasTexture" id=75]
flags = 4
atlas = ExtResource( 4 )
region = Rect2( 256, 0, 256, 256 )

[sub_resource type="AtlasTexture" id=76]
flags = 4
atlas = ExtResource( 4 )
region = Rect2( 512, 0, 256, 256 )

[sub_resource type="AtlasTexture" id=77]
flags = 4
atlas = ExtResource( 4 )
region = Rect2( 768, 0, 256, 256 )

[sub_resource type="AtlasTexture" id=78]
flags = 4
atlas = ExtResource( 4 )
region = Rect2( 1024, 0, 256, 256 )

[sub_resource type="AtlasTexture" id=79]
flags = 4
atlas = ExtResource( 4 )
region = Rect2( 1280, 0, 256, 256 )

[sub_resource type="AtlasTexture" id=80]
flags = 4
atlas = ExtResource( 4 )
region = Rect2( 1536, 0, 256, 256 )

[sub_resource type="AtlasTexture" id=81]
flags = 4
atlas = ExtResource( 4 )
region = Rect2( 1792, 0, 256, 256 )

[sub_resource type="AtlasTexture" id=82]
flags = 4
atlas = ExtResource( 4 )
region = Rect2( 2048, 0, 256, 256 )

[sub_resource type="AtlasTexture" id=83]
flags = 4
atlas = ExtResource( 4 )
region = Rect2( 2304, 0, 256, 256 )

[sub_resource type="AtlasTexture" id=84]
flags = 4
atlas = ExtResource( 4 )
region = Rect2( 2560, 0, 256, 256 )

[sub_resource type="AtlasTexture" id=85]
flags = 4
atlas = ExtResource( 4 )
region = Rect2( 2816, 0, 256, 256 )

[sub_resource type="AtlasTexture" id=86]
flags = 4
atlas = ExtResource( 4 )
region = Rect2( 3072, 0, 256, 256 )

[sub_resource type="AtlasTexture" id=87]
flags = 4
atlas = ExtResource( 4 )
region = Rect2( 3328, 0, 256, 256 )

[sub_resource type="AtlasTexture" id=88]
flags = 4
atlas = ExtResource( 4 )
region = Rect2( 3584, 0, 256, 256 )

[sub_resource type="AtlasTexture" id=89]
flags = 4
atlas = ExtResource( 4 )
region = Rect2( 3840, 0, 256, 256 )

[sub_resource type="AtlasTexture" id=90]
flags = 4
atlas = ExtResource( 4 )
region = Rect2( 4096, 0, 256, 256 )

[sub_resource type="AtlasTexture" id=91]
flags = 4
atlas = ExtResource( 4 )
region = Rect2( 4352, 0, 256, 256 )

[sub_resource type="AtlasTexture" id=92]
flags = 4
atlas = ExtResource( 4 )
region = Rect2( 4608, 0, 256, 256 )

[sub_resource type="AtlasTexture" id=93]
flags = 4
atlas = ExtResource( 4 )
region = Rect2( 4864, 0, 256, 256 )

[sub_resource type="AtlasTexture" id=94]
flags = 4
atlas = ExtResource( 4 )
region = Rect2( 5120, 0, 256, 256 )

[sub_resource type="AtlasTexture" id=95]
flags = 4
atlas = ExtResource( 4 )
region = Rect2( 5376, 0, 256, 256 )

[sub_resource type="AtlasTexture" id=96]
flags = 4
atlas = ExtResource( 4 )
region = Rect2( 5632, 0, 256, 256 )

[sub_resource type="AtlasTexture" id=97]
flags = 4
atlas = ExtResource( 4 )
region = Rect2( 5888, 0, 256, 256 )

[sub_resource type="AtlasTexture" id=98]
flags = 4
atlas = ExtResource( 4 )
region = Rect2( 0, 512, 256, 256 )

[sub_resource type="AtlasTexture" id=99]
flags = 4
atlas = ExtResource( 4 )
region = Rect2( 256, 512, 256, 256 )

[sub_resource type="AtlasTexture" id=100]
flags = 4
atlas = ExtResource( 4 )
region = Rect2( 512, 512, 256, 256 )

[sub_resource type="AtlasTexture" id=101]
flags = 4
atlas = ExtResource( 4 )
region = Rect2( 768, 512, 256, 256 )

[sub_resource type="AtlasTexture" id=102]
flags = 4
atlas = ExtResource( 4 )
region = Rect2( 1024, 512, 256, 256 )

[sub_resource type="AtlasTexture" id=103]
flags = 4
atlas = ExtResource( 4 )
region = Rect2( 1280, 512, 256, 256 )

[sub_resource type="AtlasTexture" id=104]
flags = 4
atlas = ExtResource( 4 )
region = Rect2( 1536, 512, 256, 256 )

[sub_resource type="AtlasTexture" id=105]
flags = 4
atlas = ExtResource( 4 )
region = Rect2( 1792, 512, 256, 256 )

[sub_resource type="AtlasTexture" id=106]
flags = 4
atlas = ExtResource( 4 )
region = Rect2( 2048, 512, 256, 256 )

[sub_resource type="AtlasTexture" id=107]
flags = 4
atlas = ExtResource( 4 )
region = Rect2( 2304, 512, 256, 256 )

[sub_resource type="AtlasTexture" id=108]
flags = 4
atlas = ExtResource( 4 )
region = Rect2( 2560, 512, 256, 256 )

[sub_resource type="AtlasTexture" id=109]
flags = 4
atlas = ExtResource( 4 )
region = Rect2( 2816, 512, 256, 256 )

[sub_resource type="AtlasTexture" id=110]
flags = 4
atlas = ExtResource( 4 )
region = Rect2( 3072, 512, 256, 256 )

[sub_resource type="AtlasTexture" id=111]
flags = 4
atlas = ExtResource( 4 )
region = Rect2( 3328, 512, 256, 256 )

[sub_resource type="AtlasTexture" id=112]
flags = 4
atlas = ExtResource( 4 )
region = Rect2( 3584, 512, 256, 256 )

[sub_resource type="AtlasTexture" id=113]
flags = 4
atlas = ExtResource( 4 )
region = Rect2( 3840, 512, 256, 256 )

[sub_resource type="AtlasTexture" id=114]
flags = 4
atlas = ExtResource( 4 )
region = Rect2( 4096, 512, 256, 256 )

[sub_resource type="AtlasTexture" id=115]
flags = 4
atlas = ExtResource( 4 )
region = Rect2( 4352, 512, 256, 256 )

[sub_resource type="AtlasTexture" id=116]
flags = 4
atlas = ExtResource( 4 )
region = Rect2( 4608, 512, 256, 256 )

[sub_resource type="AtlasTexture" id=117]
flags = 4
atlas = ExtResource( 4 )
region = Rect2( 4864, 512, 256, 256 )

[sub_resource type="AtlasTexture" id=118]
flags = 4
atlas = ExtResource( 4 )
region = Rect2( 5120, 512, 256, 256 )

[sub_resource type="AtlasTexture" id=119]
flags = 4
atlas = ExtResource( 4 )
region = Rect2( 5376, 512, 256, 256 )

[sub_resource type="AtlasTexture" id=120]
flags = 4
atlas = ExtResource( 4 )
region = Rect2( 5632, 512, 256, 256 )

[sub_resource type="AtlasTexture" id=121]
flags = 4
atlas = ExtResource( 4 )
region = Rect2( 5888, 512, 256, 256 )

[sub_resource type="AtlasTexture" id=122]
flags = 4
atlas = ExtResource( 4 )
region = Rect2( 0, 3072, 256, 256 )

[sub_resource type="AtlasTexture" id=123]
flags = 4
atlas = ExtResource( 4 )
region = Rect2( 256, 3072, 256, 256 )

[sub_resource type="AtlasTexture" id=124]
flags = 4
atlas = ExtResource( 4 )
region = Rect2( 512, 3072, 256, 256 )

[sub_resource type="AtlasTexture" id=125]
flags = 4
atlas = ExtResource( 4 )
region = Rect2( 768, 3072, 256, 256 )

[sub_resource type="AtlasTexture" id=126]
flags = 4
atlas = ExtResource( 4 )
region = Rect2( 1024, 3072, 256, 256 )

[sub_resource type="AtlasTexture" id=127]
flags = 4
atlas = ExtResource( 4 )
region = Rect2( 1280, 3072, 256, 256 )

[sub_resource type="AtlasTexture" id=128]
flags = 4
atlas = ExtResource( 4 )
region = Rect2( 1536, 3072, 256, 256 )

[sub_resource type="AtlasTexture" id=129]
flags = 4
atlas = ExtResource( 4 )
region = Rect2( 1792, 3072, 256, 256 )

[sub_resource type="AtlasTexture" id=130]
flags = 4
atlas = ExtResource( 4 )
region = Rect2( 2048, 3072, 256, 256 )

[sub_resource type="AtlasTexture" id=131]
flags = 4
atlas = ExtResource( 4 )
region = Rect2( 2304, 3072, 256, 256 )

[sub_resource type="AtlasTexture" id=132]
flags = 4
atlas = ExtResource( 4 )
region = Rect2( 2560, 3072, 256, 256 )

[sub_resource type="AtlasTexture" id=133]
flags = 4
atlas = ExtResource( 4 )
region = Rect2( 2816, 3072, 256, 256 )

[sub_resource type="AtlasTexture" id=134]
flags = 4
atlas = ExtResource( 4 )
region = Rect2( 0, 1536, 256, 256 )

[sub_resource type="AtlasTexture" id=135]
flags = 4
atlas = ExtResource( 4 )
region = Rect2( 256, 1536, 256, 256 )

[sub_resource type="AtlasTexture" id=136]
flags = 4
atlas = ExtResource( 4 )
region = Rect2( 512, 1536, 256, 256 )

[sub_resource type="AtlasTexture" id=137]
flags = 4
atlas = ExtResource( 4 )
region = Rect2( 768, 1536, 256, 256 )

[sub_resource type="AtlasTexture" id=138]
flags = 4
atlas = ExtResource( 4 )
region = Rect2( 1024, 1536, 256, 256 )

[sub_resource type="AtlasTexture" id=139]
flags = 4
atlas = ExtResource( 4 )
region = Rect2( 1280, 1536, 256, 256 )

[sub_resource type="AtlasTexture" id=140]
flags = 4
atlas = ExtResource( 4 )
region = Rect2( 1536, 1536, 256, 256 )

[sub_resource type="AtlasTexture" id=141]
flags = 4
atlas = ExtResource( 4 )
region = Rect2( 1792, 1536, 256, 256 )

[sub_resource type="AtlasTexture" id=142]
flags = 4
atlas = ExtResource( 4 )
region = Rect2( 2048, 1536, 256, 256 )

[sub_resource type="AtlasTexture" id=143]
flags = 4
atlas = ExtResource( 4 )
region = Rect2( 2304, 1536, 256, 256 )

[sub_resource type="AtlasTexture" id=144]
flags = 4
atlas = ExtResource( 4 )
region = Rect2( 2560, 1536, 256, 256 )

[sub_resource type="AtlasTexture" id=145]
flags = 4
atlas = ExtResource( 4 )
region = Rect2( 2816, 1536, 256, 256 )

[sub_resource type="AtlasTexture" id=146]
flags = 4
atlas = ExtResource( 4 )
region = Rect2( 3072, 1536, 256, 256 )

[sub_resource type="AtlasTexture" id=147]
flags = 4
atlas = ExtResource( 4 )
region = Rect2( 3328, 1536, 256, 256 )

[sub_resource type="AtlasTexture" id=148]
flags = 4
atlas = ExtResource( 4 )
region = Rect2( 3584, 1536, 256, 256 )

[sub_resource type="AtlasTexture" id=149]
flags = 4
atlas = ExtResource( 4 )
region = Rect2( 3840, 1536, 256, 256 )

[sub_resource type="AtlasTexture" id=150]
flags = 4
atlas = ExtResource( 4 )
region = Rect2( 4096, 1536, 256, 256 )

[sub_resource type="AtlasTexture" id=151]
flags = 4
atlas = ExtResource( 4 )
region = Rect2( 4352, 1536, 256, 256 )

[sub_resource type="AtlasTexture" id=152]
flags = 4
atlas = ExtResource( 4 )
region = Rect2( 4608, 1536, 256, 256 )

[sub_resource type="AtlasTexture" id=153]
flags = 4
atlas = ExtResource( 4 )
region = Rect2( 4864, 1536, 256, 256 )

[sub_resource type="AtlasTexture" id=154]
flags = 4
atlas = ExtResource( 4 )
region = Rect2( 5120, 1536, 256, 256 )

[sub_resource type="AtlasTexture" id=155]
flags = 4
atlas = ExtResource( 4 )
region = Rect2( 5376, 1536, 256, 256 )

[sub_resource type="AtlasTexture" id=156]
flags = 4
atlas = ExtResource( 4 )
region = Rect2( 5632, 1536, 256, 256 )

[sub_resource type="AtlasTexture" id=157]
flags = 4
atlas = ExtResource( 4 )
region = Rect2( 5888, 1536, 256, 256 )

[sub_resource type="AtlasTexture" id=158]
flags = 4
atlas = ExtResource( 4 )
region = Rect2( 0, 3328, 256, 256 )

[sub_resource type="AtlasTexture" id=159]
flags = 4
atlas = ExtResource( 4 )
region = Rect2( 256, 3328, 256, 256 )

[sub_resource type="AtlasTexture" id=160]
flags = 4
atlas = ExtResource( 4 )
region = Rect2( 512, 3328, 256, 256 )

[sub_resource type="AtlasTexture" id=161]
flags = 4
atlas = ExtResource( 4 )
region = Rect2( 768, 3328, 256, 256 )

[sub_resource type="AtlasTexture" id=162]
flags = 4
atlas = ExtResource( 4 )
region = Rect2( 1024, 3328, 256, 256 )

[sub_resource type="AtlasTexture" id=163]
flags = 4
atlas = ExtResource( 4 )
region = Rect2( 1280, 3328, 256, 256 )

[sub_resource type="AtlasTexture" id=164]
flags = 4
atlas = ExtResource( 4 )
region = Rect2( 1536, 3328, 256, 256 )

[sub_resource type="AtlasTexture" id=165]
flags = 4
atlas = ExtResource( 4 )
region = Rect2( 1792, 3328, 256, 256 )

[sub_resource type="AtlasTexture" id=166]
flags = 4
atlas = ExtResource( 4 )
region = Rect2( 2048, 3328, 256, 256 )

[sub_resource type="AtlasTexture" id=167]
flags = 4
atlas = ExtResource( 4 )
region = Rect2( 2304, 3328, 256, 256 )

[sub_resource type="AtlasTexture" id=168]
flags = 4
atlas = ExtResource( 4 )
region = Rect2( 2560, 3328, 256, 256 )

[sub_resource type="AtlasTexture" id=169]
flags = 4
atlas = ExtResource( 4 )
region = Rect2( 2816, 3328, 256, 256 )

[sub_resource type="AtlasTexture" id=170]
flags = 4
atlas = ExtResource( 4 )
region = Rect2( 0, 2048, 256, 256 )

[sub_resource type="AtlasTexture" id=171]
flags = 4
atlas = ExtResource( 4 )
region = Rect2( 256, 2048, 256, 256 )

[sub_resource type="AtlasTexture" id=172]
flags = 4
atlas = ExtResource( 4 )
region = Rect2( 512, 2048, 256, 256 )

[sub_resource type="AtlasTexture" id=173]
flags = 4
atlas = ExtResource( 4 )
region = Rect2( 768, 2048, 256, 256 )

[sub_resource type="AtlasTexture" id=174]
flags = 4
atlas = ExtResource( 4 )
region = Rect2( 1024, 2048, 256, 256 )

[sub_resource type="AtlasTexture" id=175]
flags = 4
atlas = ExtResource( 4 )
region = Rect2( 1280, 2048, 256, 256 )

[sub_resource type="AtlasTexture" id=176]
flags = 4
atlas = ExtResource( 4 )
region = Rect2( 1536, 2048, 256, 256 )

[sub_resource type="AtlasTexture" id=177]
flags = 4
atlas = ExtResource( 4 )
region = Rect2( 1792, 2048, 256, 256 )

[sub_resource type="AtlasTexture" id=178]
flags = 4
atlas = ExtResource( 4 )
region = Rect2( 2048, 2048, 256, 256 )

[sub_resource type="AtlasTexture" id=179]
flags = 4
atlas = ExtResource( 4 )
region = Rect2( 2304, 2048, 256, 256 )

[sub_resource type="AtlasTexture" id=180]
flags = 4
atlas = ExtResource( 4 )
region = Rect2( 2560, 2048, 256, 256 )

[sub_resource type="AtlasTexture" id=181]
flags = 4
atlas = ExtResource( 4 )
region = Rect2( 2816, 2048, 256, 256 )

[sub_resource type="AtlasTexture" id=182]
flags = 4
atlas = ExtResource( 4 )
region = Rect2( 3072, 2048, 256, 256 )

[sub_resource type="AtlasTexture" id=183]
flags = 4
atlas = ExtResource( 4 )
region = Rect2( 3328, 2048, 256, 256 )

[sub_resource type="AtlasTexture" id=184]
flags = 4
atlas = ExtResource( 4 )
region = Rect2( 3584, 2048, 256, 256 )

[sub_resource type="AtlasTexture" id=185]
flags = 4
atlas = ExtResource( 4 )
region = Rect2( 3840, 2048, 256, 256 )

[sub_resource type="AtlasTexture" id=186]
flags = 4
atlas = ExtResource( 4 )
region = Rect2( 4096, 2048, 256, 256 )

[sub_resource type="AtlasTexture" id=187]
flags = 4
atlas = ExtResource( 4 )
region = Rect2( 4352, 2048, 256, 256 )

[sub_resource type="AtlasTexture" id=188]
flags = 4
atlas = ExtResource( 4 )
region = Rect2( 4608, 2048, 256, 256 )

[sub_resource type="AtlasTexture" id=189]
flags = 4
atlas = ExtResource( 4 )
region = Rect2( 4864, 2048, 256, 256 )

[sub_resource type="AtlasTexture" id=190]
flags = 4
atlas = ExtResource( 4 )
region = Rect2( 5120, 2048, 256, 256 )

[sub_resource type="AtlasTexture" id=191]
flags = 4
atlas = ExtResource( 4 )
region = Rect2( 5376, 2048, 256, 256 )

[sub_resource type="AtlasTexture" id=192]
flags = 4
atlas = ExtResource( 4 )
region = Rect2( 5632, 2048, 256, 256 )

[sub_resource type="AtlasTexture" id=193]
flags = 4
atlas = ExtResource( 4 )
region = Rect2( 5888, 2048, 256, 256 )

[sub_resource type="AtlasTexture" id=194]
flags = 4
atlas = ExtResource( 4 )
region = Rect2( 0, 2560, 256, 256 )

[sub_resource type="AtlasTexture" id=195]
flags = 4
atlas = ExtResource( 4 )
region = Rect2( 256, 2560, 256, 256 )

[sub_resource type="AtlasTexture" id=196]
flags = 4
atlas = ExtResource( 4 )
region = Rect2( 512, 2560, 256, 256 )

[sub_resource type="AtlasTexture" id=197]
flags = 4
atlas = ExtResource( 4 )
region = Rect2( 768, 2560, 256, 256 )

[sub_resource type="AtlasTexture" id=198]
flags = 4
atlas = ExtResource( 4 )
region = Rect2( 1024, 2560, 256, 256 )

[sub_resource type="AtlasTexture" id=199]
flags = 4
atlas = ExtResource( 4 )
region = Rect2( 1280, 2560, 256, 256 )

[sub_resource type="AtlasTexture" id=200]
flags = 4
atlas = ExtResource( 4 )
region = Rect2( 1536, 2560, 256, 256 )

[sub_resource type="AtlasTexture" id=201]
flags = 4
atlas = ExtResource( 4 )
region = Rect2( 1792, 2560, 256, 256 )

[sub_resource type="AtlasTexture" id=202]
flags = 4
atlas = ExtResource( 4 )
region = Rect2( 2048, 2560, 256, 256 )

[sub_resource type="AtlasTexture" id=203]
flags = 4
atlas = ExtResource( 4 )
region = Rect2( 2304, 2560, 256, 256 )

[sub_resource type="AtlasTexture" id=204]
flags = 4
atlas = ExtResource( 4 )
region = Rect2( 2560, 2560, 256, 256 )

[sub_resource type="AtlasTexture" id=205]
flags = 4
atlas = ExtResource( 4 )
region = Rect2( 2816, 2560, 256, 256 )

[sub_resource type="AtlasTexture" id=206]
flags = 4
atlas = ExtResource( 4 )
region = Rect2( 0, 1792, 256, 256 )

[sub_resource type="AtlasTexture" id=207]
flags = 4
atlas = ExtResource( 4 )
region = Rect2( 256, 1792, 256, 256 )

[sub_resource type="AtlasTexture" id=208]
flags = 4
atlas = ExtResource( 4 )
region = Rect2( 512, 1792, 256, 256 )

[sub_resource type="AtlasTexture" id=209]
flags = 4
atlas = ExtResource( 4 )
region = Rect2( 768, 1792, 256, 256 )

[sub_resource type="AtlasTexture" id=210]
flags = 4
atlas = ExtResource( 4 )
region = Rect2( 1024, 1792, 256, 256 )

[sub_resource type="AtlasTexture" id=211]
flags = 4
atlas = ExtResource( 4 )
region = Rect2( 1280, 1792, 256, 256 )

[sub_resource type="AtlasTexture" id=212]
flags = 4
atlas = ExtResource( 4 )
region = Rect2( 1536, 1792, 256, 256 )

[sub_resource type="AtlasTexture" id=213]
flags = 4
atlas = ExtResource( 4 )
region = Rect2( 1792, 1792, 256, 256 )

[sub_resource type="AtlasTexture" id=214]
flags = 4
atlas = ExtResource( 4 )
region = Rect2( 2048, 1792, 256, 256 )

[sub_resource type="AtlasTexture" id=215]
flags = 4
atlas = ExtResource( 4 )
region = Rect2( 2304, 1792, 256, 256 )

[sub_resource type="AtlasTexture" id=216]
flags = 4
atlas = ExtResource( 4 )
region = Rect2( 2560, 1792, 256, 256 )

[sub_resource type="AtlasTexture" id=217]
flags = 4
atlas = ExtResource( 4 )
region = Rect2( 2816, 1792, 256, 256 )

[sub_resource type="AtlasTexture" id=218]
flags = 4
atlas = ExtResource( 4 )
region = Rect2( 3072, 1792, 256, 256 )

[sub_resource type="AtlasTexture" id=219]
flags = 4
atlas = ExtResource( 4 )
region = Rect2( 3328, 1792, 256, 256 )

[sub_resource type="AtlasTexture" id=220]
flags = 4
atlas = ExtResource( 4 )
region = Rect2( 3584, 1792, 256, 256 )

[sub_resource type="AtlasTexture" id=221]
flags = 4
atlas = ExtResource( 4 )
region = Rect2( 3840, 1792, 256, 256 )

[sub_resource type="AtlasTexture" id=222]
flags = 4
atlas = ExtResource( 4 )
region = Rect2( 4096, 1792, 256, 256 )

[sub_resource type="AtlasTexture" id=223]
flags = 4
atlas = ExtResource( 4 )
region = Rect2( 4352, 1792, 256, 256 )

[sub_resource type="AtlasTexture" id=224]
flags = 4
atlas = ExtResource( 4 )
region = Rect2( 4608, 1792, 256, 256 )

[sub_resource type="AtlasTexture" id=225]
flags = 4
atlas = ExtResource( 4 )
region = Rect2( 4864, 1792, 256, 256 )

[sub_resource type="AtlasTexture" id=226]
flags = 4
atlas = ExtResource( 4 )
region = Rect2( 5120, 1792, 256, 256 )

[sub_resource type="AtlasTexture" id=227]
flags = 4
atlas = ExtResource( 4 )
region = Rect2( 5376, 1792, 256, 256 )

[sub_resource type="AtlasTexture" id=228]
flags = 4
atlas = ExtResource( 4 )
region = Rect2( 5632, 1792, 256, 256 )

[sub_resource type="AtlasTexture" id=229]
flags = 4
atlas = ExtResource( 4 )
region = Rect2( 5888, 1792, 256, 256 )

[sub_resource type="AtlasTexture" id=230]
flags = 4
atlas = ExtResource( 4 )
region = Rect2( 0, 3584, 256, 256 )

[sub_resource type="AtlasTexture" id=231]
flags = 4
atlas = ExtResource( 4 )
region = Rect2( 256, 3584, 256, 256 )

[sub_resource type="AtlasTexture" id=232]
flags = 4
atlas = ExtResource( 4 )
region = Rect2( 512, 3584, 256, 256 )

[sub_resource type="AtlasTexture" id=233]
flags = 4
atlas = ExtResource( 4 )
region = Rect2( 768, 3584, 256, 256 )

[sub_resource type="AtlasTexture" id=234]
flags = 4
atlas = ExtResource( 4 )
region = Rect2( 1024, 3584, 256, 256 )

[sub_resource type="AtlasTexture" id=235]
flags = 4
atlas = ExtResource( 4 )
region = Rect2( 1280, 3584, 256, 256 )

[sub_resource type="AtlasTexture" id=236]
flags = 4
atlas = ExtResource( 4 )
region = Rect2( 1536, 3584, 256, 256 )

[sub_resource type="AtlasTexture" id=237]
flags = 4
atlas = ExtResource( 4 )
region = Rect2( 1792, 3584, 256, 256 )

[sub_resource type="AtlasTexture" id=238]
flags = 4
atlas = ExtResource( 4 )
region = Rect2( 2048, 3584, 256, 256 )

[sub_resource type="AtlasTexture" id=239]
flags = 4
atlas = ExtResource( 4 )
region = Rect2( 2304, 3584, 256, 256 )

[sub_resource type="AtlasTexture" id=240]
flags = 4
atlas = ExtResource( 4 )
region = Rect2( 2560, 3584, 256, 256 )

[sub_resource type="AtlasTexture" id=241]
flags = 4
atlas = ExtResource( 4 )
region = Rect2( 2816, 3584, 256, 256 )

[sub_resource type="AtlasTexture" id=242]
flags = 4
atlas = ExtResource( 4 )
region = Rect2( 0, 768, 256, 256 )

[sub_resource type="AtlasTexture" id=243]
flags = 4
atlas = ExtResource( 4 )
region = Rect2( 256, 768, 256, 256 )

[sub_resource type="AtlasTexture" id=244]
flags = 4
atlas = ExtResource( 4 )
region = Rect2( 512, 768, 256, 256 )

[sub_resource type="AtlasTexture" id=245]
flags = 4
atlas = ExtResource( 4 )
region = Rect2( 768, 768, 256, 256 )

[sub_resource type="AtlasTexture" id=246]
flags = 4
atlas = ExtResource( 4 )
region = Rect2( 1024, 768, 256, 256 )

[sub_resource type="AtlasTexture" id=247]
flags = 4
atlas = ExtResource( 4 )
region = Rect2( 1280, 768, 256, 256 )

[sub_resource type="AtlasTexture" id=248]
flags = 4
atlas = ExtResource( 4 )
region = Rect2( 1536, 768, 256, 256 )

[sub_resource type="AtlasTexture" id=249]
flags = 4
atlas = ExtResource( 4 )
region = Rect2( 1792, 768, 256, 256 )

[sub_resource type="AtlasTexture" id=250]
flags = 4
atlas = ExtResource( 4 )
region = Rect2( 2048, 768, 256, 256 )

[sub_resource type="AtlasTexture" id=251]
flags = 4
atlas = ExtResource( 4 )
region = Rect2( 2304, 768, 256, 256 )

[sub_resource type="AtlasTexture" id=252]
flags = 4
atlas = ExtResource( 4 )
region = Rect2( 2560, 768, 256, 256 )

[sub_resource type="AtlasTexture" id=253]
flags = 4
atlas = ExtResource( 4 )
region = Rect2( 2816, 768, 256, 256 )

[sub_resource type="AtlasTexture" id=254]
flags = 4
atlas = ExtResource( 4 )
region = Rect2( 3072, 768, 256, 256 )

[sub_resource type="AtlasTexture" id=255]
flags = 4
atlas = ExtResource( 4 )
region = Rect2( 3328, 768, 256, 256 )

[sub_resource type="AtlasTexture" id=256]
flags = 4
atlas = ExtResource( 4 )
region = Rect2( 3584, 768, 256, 256 )

[sub_resource type="AtlasTexture" id=257]
flags = 4
atlas = ExtResource( 4 )
region = Rect2( 3840, 768, 256, 256 )

[sub_resource type="AtlasTexture" id=258]
flags = 4
atlas = ExtResource( 4 )
region = Rect2( 4096, 768, 256, 256 )

[sub_resource type="AtlasTexture" id=259]
flags = 4
atlas = ExtResource( 4 )
region = Rect2( 4352, 768, 256, 256 )

[sub_resource type="AtlasTexture" id=260]
flags = 4
atlas = ExtResource( 4 )
region = Rect2( 4608, 768, 256, 256 )

[sub_resource type="AtlasTexture" id=261]
flags = 4
atlas = ExtResource( 4 )
region = Rect2( 4864, 768, 256, 256 )

[sub_resource type="AtlasTexture" id=262]
flags = 4
atlas = ExtResource( 4 )
region = Rect2( 5120, 768, 256, 256 )

[sub_resource type="AtlasTexture" id=263]
flags = 4
atlas = ExtResource( 4 )
region = Rect2( 5376, 768, 256, 256 )

[sub_resource type="AtlasTexture" id=264]
flags = 4
atlas = ExtResource( 4 )
region = Rect2( 5632, 768, 256, 256 )

[sub_resource type="AtlasTexture" id=265]
flags = 4
atlas = ExtResource( 4 )
region = Rect2( 5888, 768, 256, 256 )

[sub_resource type="AtlasTexture" id=266]
flags = 4
atlas = ExtResource( 4 )
region = Rect2( 0, 2816, 256, 256 )

[sub_resource type="AtlasTexture" id=267]
flags = 4
atlas = ExtResource( 4 )
region = Rect2( 256, 2816, 256, 256 )

[sub_resource type="AtlasTexture" id=268]
flags = 4
atlas = ExtResource( 4 )
region = Rect2( 512, 2816, 256, 256 )

[sub_resource type="AtlasTexture" id=269]
flags = 4
atlas = ExtResource( 4 )
region = Rect2( 768, 2816, 256, 256 )

[sub_resource type="AtlasTexture" id=270]
flags = 4
atlas = ExtResource( 4 )
region = Rect2( 1024, 2816, 256, 256 )

[sub_resource type="AtlasTexture" id=271]
flags = 4
atlas = ExtResource( 4 )
region = Rect2( 1280, 2816, 256, 256 )

[sub_resource type="AtlasTexture" id=272]
flags = 4
atlas = ExtResource( 4 )
region = Rect2( 1536, 2816, 256, 256 )

[sub_resource type="AtlasTexture" id=273]
flags = 4
atlas = ExtResource( 4 )
region = Rect2( 1792, 2816, 256, 256 )

[sub_resource type="AtlasTexture" id=274]
flags = 4
atlas = ExtResource( 4 )
region = Rect2( 2048, 2816, 256, 256 )

[sub_resource type="AtlasTexture" id=275]
flags = 4
atlas = ExtResource( 4 )
region = Rect2( 2304, 2816, 256, 256 )

[sub_resource type="AtlasTexture" id=276]
flags = 4
atlas = ExtResource( 4 )
region = Rect2( 2560, 2816, 256, 256 )

[sub_resource type="AtlasTexture" id=277]
flags = 4
atlas = ExtResource( 4 )
region = Rect2( 2816, 2816, 256, 256 )

[sub_resource type="AtlasTexture" id=278]
flags = 4
atlas = ExtResource( 4 )
region = Rect2( 0, 2304, 256, 256 )

[sub_resource type="AtlasTexture" id=279]
flags = 4
atlas = ExtResource( 4 )
region = Rect2( 256, 2304, 256, 256 )

[sub_resource type="AtlasTexture" id=280]
flags = 4
atlas = ExtResource( 4 )
region = Rect2( 512, 2304, 256, 256 )

[sub_resource type="AtlasTexture" id=281]
flags = 4
atlas = ExtResource( 4 )
region = Rect2( 768, 2304, 256, 256 )

[sub_resource type="AtlasTexture" id=282]
flags = 4
atlas = ExtResource( 4 )
region = Rect2( 1024, 2304, 256, 256 )

[sub_resource type="AtlasTexture" id=283]
flags = 4
atlas = ExtResource( 4 )
region = Rect2( 1280, 2304, 256, 256 )

[sub_resource type="AtlasTexture" id=284]
flags = 4
atlas = ExtResource( 4 )
region = Rect2( 1536, 2304, 256, 256 )

[sub_resource type="AtlasTexture" id=285]
flags = 4
atlas = ExtResource( 4 )
region = Rect2( 1792, 2304, 256, 256 )

[sub_resource type="AtlasTexture" id=286]
flags = 4
atlas = ExtResource( 4 )
region = Rect2( 2048, 2304, 256, 256 )

[sub_resource type="AtlasTexture" id=287]
flags = 4
atlas = ExtResource( 4 )
region = Rect2( 2304, 2304, 256, 256 )

[sub_resource type="AtlasTexture" id=288]
flags = 4
atlas = ExtResource( 4 )
region = Rect2( 2560, 2304, 256, 256 )

[sub_resource type="AtlasTexture" id=289]
flags = 4
atlas = ExtResource( 4 )
region = Rect2( 2816, 2304, 256, 256 )

[sub_resource type="AtlasTexture" id=290]
flags = 4
atlas = ExtResource( 4 )
region = Rect2( 0, 1024, 256, 256 )

[sub_resource type="AtlasTexture" id=291]
flags = 4
atlas = ExtResource( 4 )
region = Rect2( 256, 1024, 256, 256 )

[sub_resource type="AtlasTexture" id=292]
flags = 4
atlas = ExtResource( 4 )
region = Rect2( 512, 1024, 256, 256 )

[sub_resource type="AtlasTexture" id=293]
flags = 4
atlas = ExtResource( 4 )
region = Rect2( 768, 1024, 256, 256 )

[sub_resource type="AtlasTexture" id=294]
flags = 4
atlas = ExtResource( 4 )
region = Rect2( 1024, 1024, 256, 256 )

[sub_resource type="AtlasTexture" id=295]
flags = 4
atlas = ExtResource( 4 )
region = Rect2( 1280, 1024, 256, 256 )

[sub_resource type="AtlasTexture" id=296]
flags = 4
atlas = ExtResource( 4 )
region = Rect2( 1536, 1024, 256, 256 )

[sub_resource type="AtlasTexture" id=297]
flags = 4
atlas = ExtResource( 4 )
region = Rect2( 1792, 1024, 256, 256 )

[sub_resource type="AtlasTexture" id=298]
flags = 4
atlas = ExtResource( 4 )
region = Rect2( 2048, 1024, 256, 256 )

[sub_resource type="AtlasTexture" id=299]
flags = 4
atlas = ExtResource( 4 )
region = Rect2( 2304, 1024, 256, 256 )

[sub_resource type="AtlasTexture" id=300]
flags = 4
atlas = ExtResource( 4 )
region = Rect2( 2560, 1024, 256, 256 )

[sub_resource type="AtlasTexture" id=301]
flags = 4
atlas = ExtResource( 4 )
region = Rect2( 2816, 1024, 256, 256 )

[sub_resource type="AtlasTexture" id=302]
flags = 4
atlas = ExtResource( 4 )
region = Rect2( 3072, 1024, 256, 256 )

[sub_resource type="AtlasTexture" id=303]
flags = 4
atlas = ExtResource( 4 )
region = Rect2( 3328, 1024, 256, 256 )

[sub_resource type="AtlasTexture" id=304]
flags = 4
atlas = ExtResource( 4 )
region = Rect2( 3584, 1024, 256, 256 )

[sub_resource type="AtlasTexture" id=305]
flags = 4
atlas = ExtResource( 4 )
region = Rect2( 3840, 1024, 256, 256 )

[sub_resource type="AtlasTexture" id=306]
flags = 4
atlas = ExtResource( 4 )
region = Rect2( 4096, 1024, 256, 256 )

[sub_resource type="AtlasTexture" id=307]
flags = 4
atlas = ExtResource( 4 )
region = Rect2( 4352, 1024, 256, 256 )

[sub_resource type="AtlasTexture" id=308]
flags = 4
atlas = ExtResource( 4 )
region = Rect2( 4608, 1024, 256, 256 )

[sub_resource type="AtlasTexture" id=309]
flags = 4
atlas = ExtResource( 4 )
region = Rect2( 4864, 1024, 256, 256 )

[sub_resource type="AtlasTexture" id=310]
flags = 4
atlas = ExtResource( 4 )
region = Rect2( 5120, 1024, 256, 256 )

[sub_resource type="AtlasTexture" id=311]
flags = 4
atlas = ExtResource( 4 )
region = Rect2( 5376, 1024, 256, 256 )

[sub_resource type="AtlasTexture" id=312]
flags = 4
atlas = ExtResource( 4 )
region = Rect2( 5632, 1024, 256, 256 )

[sub_resource type="AtlasTexture" id=313]
flags = 4
atlas = ExtResource( 4 )
region = Rect2( 5888, 1024, 256, 256 )

[sub_resource type="SpriteFrames" id=314]
animations = [ {
"frames": [ SubResource( 2 ), SubResource( 3 ), SubResource( 4 ), SubResource( 5 ), SubResource( 6 ), SubResource( 7 ), SubResource( 8 ), SubResource( 9 ), SubResource( 10 ), SubResource( 11 ), SubResource( 12 ), SubResource( 13 ), SubResource( 14 ), SubResource( 15 ), SubResource( 16 ), SubResource( 17 ), SubResource( 18 ), SubResource( 19 ), SubResource( 20 ), SubResource( 21 ), SubResource( 22 ), SubResource( 23 ), SubResource( 24 ), SubResource( 25 ) ],
"loop": false,
"name": "Attack_S",
"speed": 20.0
}, {
"frames": [ SubResource( 26 ), SubResource( 27 ), SubResource( 28 ), SubResource( 29 ), SubResource( 30 ), SubResource( 31 ), SubResource( 32 ), SubResource( 33 ), SubResource( 34 ), SubResource( 35 ), SubResource( 36 ), SubResource( 37 ) ],
"loop": true,
"name": "Walking_W",
"speed": 15.0
}, {
"frames": [ SubResource( 38 ), SubResource( 39 ), SubResource( 40 ), SubResource( 41 ), SubResource( 42 ), SubResource( 43 ), SubResource( 44 ), SubResource( 45 ), SubResource( 46 ), SubResource( 47 ), SubResource( 48 ), SubResource( 49 ), SubResource( 50 ), SubResource( 51 ), SubResource( 52 ), SubResource( 53 ), SubResource( 54 ), SubResource( 55 ), SubResource( 56 ), SubResource( 57 ), SubResource( 58 ), SubResource( 59 ), SubResource( 60 ), SubResource( 61 ) ],
"loop": false,
"name": "Attack_E",
"speed": 20.0
}, {
"frames": [ SubResource( 62 ), SubResource( 63 ), SubResource( 64 ), SubResource( 65 ), SubResource( 66 ), SubResource( 67 ), SubResource( 68 ), SubResource( 69 ), SubResource( 70 ), SubResource( 71 ), SubResource( 72 ), SubResource( 73 ) ],
"loop": true,
"name": "Walking_SW",
"speed": 15.0
}, {
"frames": [ SubResource( 74 ), SubResource( 75 ), SubResource( 76 ), SubResource( 77 ), SubResource( 78 ), SubResource( 79 ), SubResource( 80 ), SubResource( 81 ), SubResource( 82 ), SubResource( 83 ), SubResource( 84 ), SubResource( 85 ), SubResource( 86 ), SubResource( 87 ), SubResource( 88 ), SubResource( 89 ), SubResource( 90 ), SubResource( 91 ), SubResource( 92 ), SubResource( 93 ), SubResource( 94 ), SubResource( 95 ), SubResource( 96 ), SubResource( 97 ) ],
"loop": false,
"name": "Death",
"speed": 20.0
}, {
"frames": [ SubResource( 98 ), SubResource( 99 ), SubResource( 100 ), SubResource( 101 ), SubResource( 102 ), SubResource( 103 ), SubResource( 104 ), SubResource( 105 ), SubResource( 106 ), SubResource( 107 ), SubResource( 108 ), SubResource( 109 ), SubResource( 110 ), SubResource( 111 ), SubResource( 112 ), SubResource( 113 ), SubResource( 114 ), SubResource( 115 ), SubResource( 116 ), SubResource( 117 ), SubResource( 118 ), SubResource( 119 ), SubResource( 120 ), SubResource( 121 ) ],
"loop": false,
"name": "Attack_N",
"speed": 20.0
}, {
"frames": [ SubResource( 122 ), SubResource( 123 ), SubResource( 124 ), SubResource( 125 ), SubResource( 126 ), SubResource( 127 ), SubResource( 128 ), SubResource( 129 ), SubResource( 130 ), SubResource( 131 ), SubResource( 132 ), SubResource( 133 ) ],
"loop": true,
"name": "Walking_NE",
"speed": 15.0
}, {
"frames": [ SubResource( 134 ), SubResource( 135 ), SubResource( 136 ), SubResource( 137 ), SubResource( 138 ), SubResource( 139 ), SubResource( 140 ), SubResource( 141 ), SubResource( 142 ), SubResource( 143 ), SubResource( 144 ), SubResource( 145 ), SubResource( 146 ), SubResource( 147 ), SubResource( 148 ), SubResource( 149 ), SubResource( 150 ), SubResource( 151 ), SubResource( 152 ), SubResource( 153 ), SubResource( 154 ), SubResource( 155 ), SubResource( 156 ), SubResource( 157 ) ],
"loop": false,
"name": "Attack_SE",
"speed": 20.0
}, {
"frames": [ SubResource( 158 ), SubResource( 159 ), SubResource( 160 ), SubResource( 161 ), SubResource( 162 ), SubResource( 163 ), SubResource( 164 ), SubResource( 165 ), SubResource( 166 ), SubResource( 167 ), SubResource( 168 ), SubResource( 169 ) ],
"loop": true,
"name": "Walking_S",
"speed": 15.0
}, {
"frames": [ SubResource( 170 ), SubResource( 171 ), SubResource( 172 ), SubResource( 173 ), SubResource( 174 ), SubResource( 175 ), SubResource( 176 ), SubResource( 177 ), SubResource( 178 ), SubResource( 179 ), SubResource( 180 ), SubResource( 181 ), SubResource( 182 ), SubResource( 183 ), SubResource( 184 ), SubResource( 185 ), SubResource( 186 ), SubResource( 187 ), SubResource( 188 ), SubResource( 189 ), SubResource( 190 ), SubResource( 191 ), SubResource( 192 ), SubResource( 193 ) ],
"loop": false,
"name": "Attack_W",
"speed": 20.0
}, {
"frames": [ SubResource( 194 ), SubResource( 195 ), SubResource( 196 ), SubResource( 197 ), SubResource( 198 ), SubResource( 199 ), SubResource( 200 ), SubResource( 201 ), SubResource( 202 ), SubResource( 203 ), SubResource( 204 ), SubResource( 205 ) ],
"loop": true,
"name": "Walking_N",
"speed": 15.0
}, {
"frames": [ SubResource( 206 ), SubResource( 207 ), SubResource( 208 ), SubResource( 209 ), SubResource( 210 ), SubResource( 211 ), SubResource( 212 ), SubResource( 213 ), SubResource( 214 ), SubResource( 215 ), SubResource( 216 ), SubResource( 217 ), SubResource( 218 ), SubResource( 219 ), SubResource( 220 ), SubResource( 221 ), SubResource( 222 ), SubResource( 223 ), SubResource( 224 ), SubResource( 225 ), SubResource( 226 ), SubResource( 227 ), SubResource( 228 ), SubResource( 229 ) ],
"loop": false,
"name": "Attack_SW",
"speed": 20.0
}, {
"frames": [ SubResource( 230 ), SubResource( 231 ), SubResource( 232 ), SubResource( 233 ), SubResource( 234 ), SubResource( 235 ), SubResource( 236 ), SubResource( 237 ), SubResource( 238 ), SubResource( 239 ), SubResource( 240 ), SubResource( 241 ) ],
"loop": true,
"name": "Walking_SE",
"speed": 15.0
}, {
"frames": [ SubResource( 242 ), SubResource( 243 ), SubResource( 244 ), SubResource( 245 ), SubResource( 246 ), SubResource( 247 ), SubResource( 248 ), SubResource( 249 ), SubResource( 250 ), SubResource( 251 ), SubResource( 252 ), SubResource( 253 ), SubResource( 254 ), SubResource( 255 ), SubResource( 256 ), SubResource( 257 ), SubResource( 258 ), SubResource( 259 ), SubResource( 260 ), SubResource( 261 ), SubResource( 262 ), SubResource( 263 ), SubResource( 264 ), SubResource( 265 ) ],
"loop": false,
"name": "Attack_NE",
"speed": 20.0
}, {
"frames": [ SubResource( 266 ), SubResource( 267 ), SubResource( 268 ), SubResource( 269 ), SubResource( 270 ), SubResource( 271 ), SubResource( 272 ), SubResource( 273 ), SubResource( 274 ), SubResource( 275 ), SubResource( 276 ), SubResource( 277 ) ],
"loop": true,
"name": "Walking_NW",
"speed": 15.0
}, {
"frames": [ SubResource( 278 ), SubResource( 279 ), SubResource( 280 ), SubResource( 281 ), SubResource( 282 ), SubResource( 283 ), SubResource( 284 ), SubResource( 285 ), SubResource( 286 ), SubResource( 287 ), SubResource( 288 ), SubResource( 289 ) ],
"loop": true,
"name": "Walking_E",
"speed": 15.0
}, {
"frames": [ SubResource( 290 ), SubResource( 291 ), SubResource( 292 ), SubResource( 293 ), SubResource( 294 ), SubResource( 295 ), SubResource( 296 ), SubResource( 297 ), SubResource( 298 ), SubResource( 299 ), SubResource( 300 ), SubResource( 301 ), SubResource( 302 ), SubResource( 303 ), SubResource( 304 ), SubResource( 305 ), SubResource( 306 ), SubResource( 307 ), SubResource( 308 ), SubResource( 309 ), SubResource( 310 ), SubResource( 311 ), SubResource( 312 ), SubResource( 313 ) ],
"loop": false,
"name": "Attack_NW",
"speed": 20.0
} ]

[sub_resource type="RectangleShape2D" id=315]
extents = Vector2( 20.9184, 72.7171 )

[sub_resource type="RectangleShape2D" id=316]
extents = Vector2( 33.4418, 55.4425 )

[node name="Demon" type="KinematicBody2D"]
z_index = 2
collision_layer = 2147483652
collision_mask = 2147483649
script = ExtResource( 2 )

[node name="CollisionShape2D" type="CollisionShape2D" parent="."]
position = Vector2( -2.55453, 70.1546 )
shape = SubResource( 1 )
disabled = true
script = ExtResource( 3 )

[node name="AnimatedSprite" type="AnimatedSprite" parent="."]
position = Vector2( -1.12247, 11.7859 )
frames = SubResource( 314 )
animation = "Walking_E"
frame = 3

[node name="Hurtbox" type="Area2D" parent="." groups=[
"hurtBox",
]]
input_pickable = false
collision_layer = 2
collision_mask = 2147483650
script = ExtResource( 1 )

[node name="CollisionShape2D" type="CollisionShape2D" parent="Hurtbox"]
position = Vector2( -0.0424618, 21.4579 )
shape = SubResource( 315 )

[node name="AttackEast" type="Area2D" parent="."]
input_pickable = false
collision_layer = 4
collision_mask = 2147483649
script = ExtResource( 1 )

[node name="CollisionEast" type="CollisionShape2D" parent="AttackEast"]
position = Vector2( 50.9844, 22.7178 )
shape = SubResource( 316 )
disabled = true

[node name="AttackSouth" type="Area2D" parent="."]
position = Vector2( -60.4761, 61.7361 )
input_pickable = false
collision_layer = 4
collision_mask = 2147483649
script = ExtResource( 1 )

[node name="CollisionSouth" type="CollisionShape2D" parent="AttackSouth"]
position = Vector2( 59.1738, 23.9778 )
shape = SubResource( 316 )
disabled = true

[node name="AttackWest" type="Area2D" parent="."]
position = Vector2( -115.283, 4.40977 )
input_pickable = false
collision_layer = 2147483652
collision_mask = 2147483649
script = ExtResource( 1 )

[node name="CollisionWest" type="CollisionShape2D" parent="AttackWest"]
position = Vector2( 59.1738, 23.9778 )
shape = SubResource( 316 )
disabled = true

[node name="AttackNorth" type="Area2D" parent="."]
position = Vector2( -58.5863, -97.6439 )
input_pickable = false
collision_layer = 4
collision_mask = 2147483649
script = ExtResource( 1 )

[node name="CollisionNorth" type="CollisionShape2D" parent="AttackNorth"]
position = Vector2( 59.1738, 23.9778 )
shape = SubResource( 316 )
disabled = true
[connection signal="animation_finished" from="AnimatedSprite" to="." method="_on_AnimatedSprite_animation_finished"]
[connection signal="area_entered" from="Hurtbox" to="." method="_on_Hurtbox_area_entered"]
[connection signal="area_exited" from="Hurtbox" to="." method="_on_Hurtbox_area_exited"]
[connection signal="body_entered" from="Hurtbox" to="." method="_on_Hurtbox_body_entered"]
[connection signal="body_entered" from="AttackEast" to="." method="_on_AttackAreaEast_body_entered"]
[connection signal="body_entered" from="AttackSouth" to="." method="_on_AttackAreaSouth_body_entered"]
[connection signal="body_entered" from="AttackWest" to="." method="_on_AttackAreaWest_body_entered"]
[connection signal="body_entered" from="AttackNorth" to="." method="_on_AttackAreaNorth_body_entered"]
